@article{fliesPaper,
  author = "Marine Battesti and Celine Moreno and Dominique Joly and Frederic Mery",
  title = "Spread of Social Information and Dynamics of Social Transmission within Drosophila Groups",
  journal = "Current Biology",
  volume = "22",
  number = "4",
  pages = "309 - 313",
  year = "2012",
  doi = "https://doi.org/10.1016/j.cub.2011.12.050",
}

@article {transmissionVectors,
	author = {Creanza, Nicole and Kolodny, Oren and Feldman, Marcus W.},
	title = {Cultural evolutionary theory: How culture evolves and why it matters},
	volume = {114},
	number = {30},
  journal={Proceedings of the National Academy of Sciences USA},
	pages = {7782--7789},
	year = {2017},
	doi = {10.1073/pnas.1620732114},
}


@article{negativeFrequency,
  title={Competitive advantage of rare behaviours induces adaptive diversity rather than social conformity in skill learning},
  author={Aljadeff, Naama and Giraldeau, Luc-Alain and Lotem, Arnon},
  journal={Proceedings of the Royal Society B},
  volume={287},
  number={1933},
  pages={20201259},
  year={2020},
}

@book{transmissionVectorsBook,
  title={Cultural transmission and evolution: A quantitative approach},
  author={Cavalli-Sforza, Luigi Luca and Feldman, Marcus W},
  number={16},
  year={1981},
  publisher={Princeton University Press}
}


@book{evolutionBook,
  title={Culture and the evolutionary process},
  author={Boyd, Robert and Richerson, Peter J},
  year={1988},
  publisher={University of Chicago press}
}

@article{complexityPaper,
  title={The driving forces of cultural complexity},
  author={Fogarty, Laurel and Wakano, Joe Yuichiro and Feldman, Marcus W and Aoki, Kenichi},
  journal={Human Nature},
  volume={28},
  number={1},
  pages={39--52},
  year={2017},
}

@article{strategiesPaper,
  title={Why copy others? Insights from the social learning strategies tournament},
  author={Rendell, Luke and Boyd, Robert and Cownden, Daniel and Enquist, Marquist and Eriksson, Kimmo and Feldman, Marc W and Fogarty, Laurel and Ghirlanda, Stefano and Lillicrap, Timothy and Laland, Kevin N},
  journal={Science},
  volume={328},
  number={5975},
  pages={208--213},
  year={2010},
}


@book{sexualSelectionBook,
  title={Sexual selection},
  author={Andersson, Malte B},
  year={1994},
  publisher={Princeton University Press}
}

@article{chimpsCopy,
  title={Chimpanzees copy dominant and knowledgeable individuals: implications for cultural diversity},
  author={Kendal, Rachel and Hopper, Lydia M and Whiten, Andrew and Brosnan, Sarah F and Lambeth, Susan P and Schapiro, Steven J and Hoppitt, Will},
  journal={Evolution and Human Behavior},
  volume={36},
  number={1},
  pages={65--72},
  year={2015},
}

@article{chimpsPrestige,
  title={Prestige affects cultural learning in chimpanzees},
  author={Horner, Victoria and Proctor, Darby and Bonnie, Kristin E and Whiten, Andrew and de Waal, Frans BM},
  journal={PloS one},
  volume={5},
  number={5},
  pages={e10625},
  year={2010},
}

@incollection{dualEvolution,
  title={Dual-inheritance theory: the evolution of human cultural capacities and cultural evolution},
  author={Henrich, Joseph and McElreath, Richard},
  booktitle={Oxford handbook of evolutionary psychology},
  year={2007}
}

@article{elepahntsRepo,
  title={Matriarchs as repositories of social knowledge in African elephants},
  author={McComb, Karen and Moss, Cynthia and Durant, Sarah M and Baker, Lucy and Sayialel, Soila},
  journal={Science},
  volume={292},
  number={5516},
  pages={491--494},
  year={2001},
}

@article{wtfGene,
  title={Killer meiotic drive and dynamic evolution of the wtf gene family},
  author={Eickbush, Michael T and Young, Janet M and Zanders, Sarah E},
  journal={Molecular biology and evolution},
  volume={36},
  number={6},
  pages={1201--1214},
  year={2019},
}

@inproceedings{pageRank,
  title={Weighted pagerank algorithm},
  author={Xing, Wenpu and Ghorbani, Ali},
  booktitle={Proceedings. Second Annual Conference on Communication Networks and Services Research, 2004.},
  pages={305--314},
  year={2004},
  organization={IEEE}
}

@article{conformism,
  title={Effects of conformism on the cultural evolution of social behaviour},
  author={Molleman, Lucas and Pen, Ido and Weissing, Franz J},
  journal={PloS one},
  volume={8},
  number={7},
  pages={e68153},
  year={2013},
}

@article{GBD,
  author = {Zvi Drezner and Nicholas Farnum },
  title = {A generalized binomial distribution},
  journal = {Communications in Statistics - Theory and Methods},
  volume = {22},
  number = {11},
  pages = {3051-3063},
  year  = {1993},
  doi = {10.1080/03610929308831202},
}

@article{dirichlet,
  title={Introduction to the Dirichlet distribution and related processes},
  author={Frigyik, Bela A and Kapila, Amol and Gupta, Maya R},
  journal={Department of Electrical Engineering, University of Washignton, UWEETR-2010-0006},
  number={0006},
  pages={1--27},
  year={2010}
}

@book{martingaleBook,
  title={Essentials of stochastic processes},
  author={Durrett, Richard},
  volume={1},
  year={1999},
  publisher={Springer}
}

@article{kimura,
  title={On the probability of fixation of mutant genes in a population},
  author={Kimura, Motoo},
  journal={Genetics},
  volume={47},
  number={6},
  pages={713},
  year={1962},
}

@book{durret,
  title={Probability models for DNA sequence evolution},
  author={Durrett, Richard},
  volume={2},
  year={2008},
  publisher={Springer}
}

@article{changeEnv,
  title={Evolution of vertical and oblique transmission under fluctuating selection},
  author={Ram, Yoav and Liberman, Uri and Feldman, Marcus W},
  journal={Proceedings of the National Academy of Sciences USA},
  volume={115},
  number={6},
  pages={E1174--E1183},
  year={2018},
}

@article{animal_leadership,
  author = {Andrew J. King and G. Cowlishaw},
  title = {Leaders, followers, and group decision-making},
  journal = {Communicative \& Integrative Biology},
  volume = {2},
  number = {2},
  pages = {147-150},
  year  = {2009},
}

@article{dual_leadership,
  title={A dual model of leadership and hierarchy: Evolutionary synthesis},
  author={Van Vugt, Mark and Smith, Jennifer E},
  journal={Trends in Cognitive Sciences},
  volume={23},
  number={11},
  pages={952--967},
  year={2019},
}

@article{fijian_social_bias,
  title={On the nature of cultural transmission networks: evidence from Fijian villages for adaptive learning biases},
  author={Henrich, Joseph and Broesch, James},
  journal={Philosophical Transactions of the Royal Society B: Biological Sciences},
  volume={366},
  number={1567},
  pages={1139--1148},
  year={2011},
}

@article{harmful_traditions,
  title={The promise and the peril of using social influence to reverse harmful traditions},
  author={Efferson, Charles and Vogt, Sonja and Fehr, Ernst},
  journal={Nature human behaviour},
  volume={4},
  number={1},
  pages={55--68},
  year={2020},  
}

@article{prestige_evolution,
  title={The evolution of prestige: Freely conferred deference as a mechanism for enhancing the benefits of cultural transmission},
  author={Henrich, Joseph and Gil-White, Francisco J},
  journal={Evolution and human behavior},
  volume={22},
  number={3},
  pages={165--196},
  year={2001},
}

@article{best_of_k,
  title={Cultural and evolutionary dynamics with best-of-k learning when payoffs are uncertain},
  author={Takahashi, Takuya and Ihara, Yasuo},
  journal={Theoretical Population Biology},
  volume={128},
  pages={27--38},
  year={2019},
}

@article{medical_prestige,
  title={Prestige and its significance for medical specialties and diseases},
  author={Norredam, Marie and Album, Dag},
  journal={Scandinavian journal of public health},
  volume={35},
  number={6},
  pages={655--661},
  year={2007},
}

@article{collective_brains,
  title={Innovation in the collective brain},
  author={Muthukrishna, Michael and Henrich, Joseph},
  journal={Philosophical Transactions of the Royal Society B: Biological Sciences},
  volume={371},
  number={1690},
  pages={20150192},
  year={2016},
}

@article{social_brains,
  author = {R.I.M. Dunbar},
  title = {The social brain hypothesis and its implications for social evolution},
  journal = {Annals of Human Biology},
  volume = {36},
  number = {5},
  pages = {562-572},
  year  = {2009},
  doi = {10.1080/03014460902960289},
}

@article{prestige_cultural_learning,
  title = {Prestige-biased cultural learning: bystander's differential attention to potential models influences children's learning},
  journal = {Evolution and Human Behavior},
  volume = {33},
  number = {1},
  pages = {46-56},
  year = {2012},
  doi = {https://doi.org/10.1016/j.evolhumbehav.2011.05.005},
  author = {Maciej Chudek and Sarah Heller and Susan Birch and Joseph Henrich},
}

@article{evolution_of_cultural_evolution,
  title={The evolution of cultural evolution},
  author={Henrich, Joseph and McElreath, Richard},
  journal={Evolutionary Anthropology: Issues, News, and Reviews: Issues, News, and Reviews},
  volume={12},
  number={3},
  pages={123--135},
  year={2003},
}

@article{cultural_traits,
  title={Cultural traits as units of analysis},
  author={O'Brien, Michael J and Lyman, R Lee and Mesoudi, Alex and VanPool, Todd L},
  journal={Philosophical Transactions of the Royal Society B: Biological Sciences},
  volume={365},
  number={1559},
  pages={3797--3806},
  year={2010},
}

@article{dolphins_whales,
  title={Gene--culture coevolution in whales and dolphins},
  author={Whitehead, Hal},
  journal={Proceedings of the National Academy of Sciences USA},
  volume={114},
  number={30},
  pages={7814--7821},
  year={2017},
  publisher={National Acad Sciences}
}

@article{cooperation,
  title={Non-vertical cultural transmission, assortment and the evolution of cooperation},
  author={Cohen, Dor and Lewin-Epstein, Ohad and Feldman, Marcus W and Ram, Yoav},
  journal={Proceedings of the Royal Society B},
  volume={288},
  number={1951},
  pages={20203162},
  year={2021},
  publisher={The Royal Society}
}

@article{conformity,
  title={Conformity and content-biased cultural transmission in the evolution of altruism},
  author={Denton, Kaleda K and Ram, Yoav and Feldman, Marcus W},
  journal={Theoretical population biology},
  volume={143},
  pages={52--61},
  year={2022},
  publisher={Elsevier}
}

@article{anticonformity,
  title={Cultural evolution of conformity and anticonformity},
  author={Denton, Kaleda Krebs and Ram, Yoav and Liberman, Uri and Feldman, Marcus W},
  journal={Proceedings of the National Academy of Sciences USA},
  volume={117},
  number={24},
  pages={13603--13614},
  year={2020},
  publisher={National Acad Sciences}
}

@article{facebook_marketing,
  title={The effect of Facebook users’ arousal and valence on intention to go to the festival: Applying an extension of the technology acceptance model},
  author={Lee, Woojin and Xiong, Lina and Hu, Clark},
  journal={International Journal of Hospitality Management},
  volume={31},
  number={3},
  pages={819--827},
  year={2012},
  publisher={Elsevier}
}

@inproceedings{social_influence,
  title={Influence and correlation in social networks},
  author={Anagnostopoulos, Aris and Kumar, Ravi and Mahdian, Mohammad},
  booktitle={Proceedings of the 14th ACM SIGKDD international conference on Knowledge discovery and data mining},
  pages={7--15},
  year={2008}
}

@article{influence_analysis,
  title={Influence analysis in social networks: A survey},
  author={Peng, Sancheng and Zhou, Yongmei and Cao, Lihong and Yu, Shui and Niu, Jianwei and Jia, Weijia},
  journal={Journal of Network and Computer Applications},
  volume={106},
  pages={17--32},
  year={2018},
  publisher={Elsevier}
}

@article{social_media,
  title={Social media use, perceptions of decision-making power, and public relations roles},
  author={Diga, Marichris and Kelleher, Tom},
  journal={Public Relations Review},
  volume={35},
  number={4},
  pages={440--442},
  year={2009},
  publisher={Elsevier}
}

@inproceedings{python,
  title={Python Programming language.},
  author={Van Rossum, Guido and others},
  booktitle={USENIX annual technical conference},
  volume={41},
  number={1},
  pages={1--36},
  year={2007}
}

@article{numpy,
  title={The NumPy array: a structure for efficient numerical computation},
  author={Van Der Walt, Stefan and Colbert, S Chris and Varoquaux, Gael},
  journal={Computing in science \& engineering},
  volume={13},
  number={2},
  pages={22--30},
  year={2011},
  publisher={IEEE}
}

@article{mathplotlib,
  title={Matplotlib: A 2D graphics environment},
  author={Hunter, John D},
  journal={Computing in science \& engineering},
  volume={9},
  number={03},
  pages={90--95},
  year={2007},
  publisher={IEEE Computer Society}
}

@article{kimura_average,
  title={The average number of generations until fixation of a mutant gene in a finite population},
  author={Kimura, Motoo and Ohta, Tomoko},
  journal={Genetics},
  volume={61},
  number={3},
  pages={763},
  year={1969},
  publisher={Genetics Society of America}
}

@article{otto_fixation,
  title={Fixation probabilities and times},
  author={Otto, Sarah P and Whitlock, Michael C},
  journal={Encyclopedia of Life Sciences},
  year={2006},
  publisher={Citeseer}
}

@article{lemurs,
  title={Female coordination of group travel in wild Propithecus and Eulemur},
  author={Erhart, Elizabeth M and Overdorff, Deborah J},
  journal={International Journal of Primatology},
  volume={20},
  number={6},
  pages={927--940},
  year={1999},
  publisher={Springer}
}

@article {no_replication,
  author = "Robert Boyd and Joseph Henrich",
  title = "On Modeling Cognition and Culture: Why cultural evolution does not require replication of representations",
  journal = "Journal of Cognition and Culture",
  year = "2002",
  publisher = "Brill",
  address = "Leiden, The Netherlands",
  volume = "2",
  number = "2",
  doi = "https://doi.org/10.1163/156853702320281836",
  pages=      "87 - 112",
}

@article{kin_selection,
  title={The genetical theory of kin selection},
  author={Hamilton, WD},
  journal={J. Theor. Biol},
  volume={7},
  number={7},
  pages={1--52},
  year={1964}
}

@article{Truskanov2020,
  author = {Truskanov, Noa and Emery, Yasmin and Bshary, Redouan},
  doi = {10.1038/s41467-020-14712-3},
  journal = {Nat. Commun.},
  number = {1},
  pages = {1--9},
  title = {{Juvenile cleaner fish can socially learn the consequences of cheating}},
  volume = {11},
  year = {2020}
}

@article{Kolodny2022,
  author = {Kolodny, Oren and Feldman, Marcus W. and Lotem, Arnon and Ram, Yoav},
  doi = {10.1017/S0140525X21001576},
  journal = {Behav. Brain Sci.},
  month = {sep},
  pages = {e167},
  title = {{Differential application of cultural practices at the family and individual levels may alter heritability estimates}},
  volume = {45},
  year = {2022}
}

@article{Denton2021,
  author = {Denton, Kaleda K. and Liberman, Uri and Feldman, Marcus W.},
  doi = {10.1073/pnas.2107204118},
  journal={Proceedings of the National Academy of Sciences USA},
  month = {aug},
  number = {34},
  pmid = {34417299},
  title = {{On randomly changing conformity bias in cultural transmission}},
  volume = {118},
  year = {2021}
}

@article{Borofsky2022,
  author = {Borofsky, Talia M. and Feldman, Marcus W.},
  doi = {10.1016/j.tpb.2022.05.004},
  journal = {Theor. Popul. Biol.},
  month = {aug},
  pages = {29--35},
  title = {{Success-biased social learning in a one-consumer, two-resource model}},
  volume = {146},
  year = {2022}
}

@article{Mesoudi2008,
  author = {Mesoudi, Alex and O'Brien, Michael J.},
  doi = {10.1017/S0002731600047338},
  journal = {Am. Antiq.},
  number = {4},
  pages = {627--644},
  title = {{The cultural transmission of great basin projectile-point technology II: An agent-based computer simulation}},
  volume = {73},
  year = {2008}
}
